@book{lattice,
publisher = "Cambridge University Press",
isbn = "0521784514",
year = "2002",
title = "Introduction to lattices and order",
edition = "2nd ed.",
language = "eng",
address = "Cambridge, U.K. ; New York",
author = "Davey, B. A",
keywords = "Lattice theory",
lccn = "2001043910",
}

